<collection xmlns="http://www.loc.gov/MARC21/slim">
<record>
  <leader>01209nam0a22002051i 450 </leader>
  <controlfield tag="001">IT\ICCU\CNCE\078092</controlfield>
  <controlfield tag="005">20130703000000.0</controlfield>
  <datafield tag="012" ind1=" " ind2=" ">
    <subfield code="a">spe. aiom i.re scal (C) 1520 (A)</subfield>
    <subfield code="2">fei</subfield>
  </datafield>
  <datafield tag="100" ind1=" " ind2=" ">
    <subfield code="a">20130514d1520        0itac0103    ba</subfield>
  </datafield>
  <datafield tag="101" ind1=" " ind2=" ">
    <subfield code="a">ITA</subfield>
  </datafield>
  <datafield tag="102" ind1=" " ind2=" ">
    <subfield code="a">IT</subfield>
  </datafield>
  <datafield tag="200" ind1="1" ind2=" ">
    <subfield code="a">Vita della Gloriosa vergine Maria: &amp; de Jesu Christo &amp; de. S. Joanne Bap. cum molti Miracoli in prosa qual de infiniti errori era confusa. Nouamente cum diligentia reuista: et in meglior parlare ridotta. Agiontoui le rubriche &amp; figure alli capituli appropriati quale nella precedente Impressione non erano</subfield>
  </datafield>
  <datafield tag="210" ind1=" " ind2=" ">
    <subfield code="e">Stampata in Venetia</subfield>
    <subfield code="g">per Nicolo Zoppino &amp; Vincenzo compagni</subfield>
    <subfield code="h">Adi 24 settembrio 1520</subfield>
  </datafield>
  <datafield tag="215" ind1=" " ind2=" ">
    <subfield code="a">\136! c.</subfield>
    <subfield code="c">ill.</subfield>
    <subfield code="d">8ʻ</subfield>
  </datafield>
  <datafield tag="620" ind1=" " ind2=" ">
    <subfield code="a">IT</subfield>
    <subfield code="d">Venezia</subfield>
  </datafield>
  <datafield tag="712" ind1="0" ind2="0">
    <subfield code="a">Zoppino, Niccol ̣&amp; Vincenzo di Paolo</subfield>
    <subfield code="3">IT\ICCU\CNCT\000070</subfield>
    <subfield code="4">650</subfield>
  </datafield>
  <datafield tag="791" ind1="0" ind2="2">
    <subfield code="a">Vincenzo di Paolo</subfield>
    <subfield code="3">IT\ICCU\CNCT\000071</subfield>
    <subfield code="z">Zoppino, Niccol ̣&amp; Vincenzo di Paolo</subfield>
  </datafield>
  <datafield tag="801" ind1=" " ind2="3">
    <subfield code="a">IT</subfield>
    <subfield code="b">ICCU</subfield>
    <subfield code="c">20201115</subfield>
  </datafield>
  <datafield tag="911" ind1=" " ind2=" ">
    <subfield code="a">Nel coloph.</subfield>
    <subfield code="9">IT\ICCU\CNCM\001886</subfield>
  </datafield>
  <datafield tag="921" ind1=" " ind2=" ">
    <subfield code="a">IT\ICCU\CNCM\001886</subfield>
    <subfield code="b">S. Nicola seduto nella cattedra episcopale con la mitra tiene con la sinistra il pastorale e con la destra un libro con tre palle d&apos;oro. In alto iniziali S. N.</subfield>
    <subfield code="c">Z894</subfield>
    <subfield code="f">S.NICOLA</subfield>
    <subfield code="f">LIBRO</subfield>
    <subfield code="f">SN</subfield>
    <subfield code="g">1517-1519</subfield>
  </datafield>
</record>
</collection>
